

@book{golub2012matrix,
  title={Matrix computations},
  author={Golub, Gene H and Van Loan, Charles F},
  volume={3},
  year={2012},
  publisher={JHU Press}}

@MISC{slq,
author = {},
title = {System of linear equations},
month = ,
year = {},
howpublished={\url{https://researcher.watson.ibm.com/researcher/files/ie-jakub.marecek/ch04_LinearSystems_handout.pdf}}

@MISC{mla,
author = {Heinrich Voss },
title = {Numerical Linear Algebra Chap. 4: Perturbation and Regularisation},
month= ,
year = {2005},
howpublished={\url{https://www.mat.tuhh.de/lehre/material/NLA_Folien/NLA_Chap_4.pdf}}


